@article{BEN,

author = {Benoit, Kenneth},

title = {Which Electoral Formula Is the Most Proportional? A New Look with New Evidence},

journal = {Political Analysis},

volume = {8},

number = {4},

pages = {381-388},

year = {2000},

url = {http://citeseerx.ist.psu.edu/viewdoc/download?doi=10.1.1.144.7954&rep=rep1&type=pdf}

}
@article{GAL1,
title={Comparing proportional representation electoral systems: Quotas, thresholds, paradoxes and majorities},
author={Gallagher, Michael},
journal={British Journal of Political Science},
volume={22},
number={04},
pages={469--496},
year={1992},
publisher={Cambridge University Press},
url={http://www.tcd.ie/Political_Science/staff/michael_gallagher/BJPS1992.pdf}
}

@article{GAL2,

title = "Proportionality, disproportionality and electoral systems ",

journal = "Electoral Studies ",

volume = "10",

number = "1",

pages = "33 - 51",

year = "1991",

url = "http://www.tcd.ie/Political_Science/draft/staff/michael_gallagher/ElectoralStudies1991.pdf",

author = "Michael Gallagher"

}

@article{BAL2,
author = {Balinski, M. L. and Young, H. P.}, 
title = {The Webster method of apportionment},
volume = {77}, 
number = {1}, 
pages = {1-4}, 
year = {1980}, 
url = {http://www.pnas.org/content/77/1/1.full.pdf}, 
journal = {Proceedings of the National Academy of Sciences} 
}

@article{BAL1,
author = {Balinski, M. L. and Young, H. P.}, 
title = {A New Method for Congressional Apportionment},
volume = {71}, 
number = {11}, 
pages = {4602-4606}, 
year = {1974}, 
url = {http://www.pnas.org/content/71/11/4602.full.pdf}, 
journal = {Proceedings of the National Academy of Sciences} 
}

@manual{SOU,
title = {Nález ústavního soudu ze dne 24. ledna 2001},
pages = {2194-2206}, 
year = {2001}, 
url = {http://aplikace.mvcr.cz/sbirka-zakonu/ViewFile.aspx?type=c&id=3602}, 
journal = {Sbírka zákonů č. 64/2001} 
}
@article{ZAK,
title = {Zákon č. 247/1995 Sb.},
year = {2017}, 
url = {http://portal.gov.cz/app/zakony/zakonPar.jsp?idBiblio=43269}, 
journal = {Sbírka zákonů} 
}
@article{TUV,
title={The Tuvalu General Election 2006},
author={Hassall, Graham},
publisher={Citeseer},
pages={2},
year={2006},
journal={Democracy and Elections project, Governance Program},
url={http://citeseerx.ist.psu.edu/viewdoc/download?doi=10.1.1.503.5979&rep=rep1&type=pdf}
}
@manual{CON,
title={The Constitution of the United States: A Transcription},
url={http://www.archives.gov/founding-docs/constitution-transcript},
journal={National Archives and Records Administration},
publisher={National Archives and Records Administration}
} 
@book{BOO,
title={A Short History of Electoral Systems in Western Europe (Routledge Library Editions: Political Science Volume 22)},
author={Carstairs, Andrew McLaren},
year={2013},
publisher={Routledge},
pages={3-5},
url={http://books.google.cz/books?id=kVjxTqGGeUgC&lpg=PP1&ots=CdLyLEiq_X&dq=history%20of%20electoral%20systems%20europe&lr&pg=PP1#v=onepage&q=history%20of%20electoral%20systems%20europe&f=false}
}
@manual{CSU, title={Volby do Poslanecké sněmovny Parlamentu České republiky konané ve dnech 02.06. – 03.06.2006 }, url={http://volby.cz/pls/ps2006/ps}, journal={Volby.cz - Český statistický úřad | ČSÚ}, publisher={Český statistický úřad}}
